<?xml version="1.0" encoding="UTF-8"?><collection xmlns="http://www.loc.gov/MARC21/slim"><record><leader>00422nam--2200133-i-4500</leader><controlfield tag="001">000044480</controlfield><controlfield tag="002">20161230</controlfield><controlfield tag="005">20161230201044</controlfield><controlfield tag="008">060222s1000------------r-----000-0-eng-d</controlfield><datafield ind1=" " ind2=" " tag="100"><subfield code="a">Terrani, S</subfield></datafield><datafield ind1=" " ind2=" " tag="245"><subfield code="a">Descrizione del centro di studi nucleari enrico fermi</subfield></datafield><datafield ind1=" " ind2=" " tag="260"><subfield code="a">Milano, Inst. Di Fisica Sperim., Del Politecnico No.63, 9 P. 12 Fig</subfield></datafield><datafield ind1=" " ind2=" " tag="490"><subfield code="a">Estratto Da: Energia Nucleare, Vol.5, No.12 Bis (1959)</subfield></datafield><datafield ind1=" " ind2=" " tag="852"><subfield code="a">6133</subfield></datafield></record></collection>